2904 4904
79 244 140 305 'tit

478 399 693 468 Alumen
716 396 984 468 nutricum.

81 512 293 577 Aluueueum
304 506 412 571 Natro.
436 494 625 570 Alumioaet
638 505 772 569 Natrum
787 503 1241 588 sulfurieumerystallisatum.
1265 504 1338 589 Salfi

79 595 251 663 ‹latumiae
274 598 303 658 et
326 591 364 657 de
385 590 494 656 suade.
539 590 702 672 salphae
724 591 765 674 of
782 590 926 656 alumine
945 591 1013 656 aad
1033 590 1126 658 eodo.
1170 589 1338 659 Nauonsb

386 690 1083 778 uaoso³÷uuo³,aso³÷2suo=4aa‚4.

163 799 229 864 lloe
251 801 297 863 sal
325 799 364 863 ab
392 816 473 881 aqua
504 797 681 879 crystaffina
708 795 874 862 liberatum
896 795 936 862 ad
958 795 1123 864 efficienda
1147 799 1294 865 nonnulla
1312 814 1338 865 a

79 885 243 953 Alumiuue
272 885 413 951 inservit.
457 885 494 950 In
518 901 600 965 aqua
621 883 757 947 solutum
779 901 879 965 aquae
908 881 1050 948 mineruli
1073 889 1145 951 arte
1165 880 1338 966 oomponent

77 971 281 1051 admiscetur,
304 973 330 1036 si
353 976 517 1053 praeterea
539 968 612 1035 huie
633 970 765 1034 Natrum
789 969 971 1034 sulfurieum
994 969 1230 1037 admiseendum
1250 976 1304 1036 est.

169 1077 274 1127 'rabula
293 1078 316 1126 V
335 1079 414 1128 refert
433 1077 595 1141 quantitates
613 1075 811 1137 aequivalentes
829 1074 957 1125 Atuminis
976 1079 1004 1126 et
1021 1076 1129 1128 easdem
1148 1078 1243 1128 salim
1257 1076 1338 1126 Alunt

77 1148 289 1229 efficiendorum,
309 1151 389 1211 atque
407 1149 485 1200 Natrl
503 1145 621 1197 sulinrioi
641 1145 816 1210 quantitates,
834 1157 902 1206 quse
920 1145 947 1196 in
965 1146 1088 1199 Alnmine
1108 1149 1213 1200 aserim
1231 1149 1328 1197 adsunt

444 1293 592 1363 Alumen
617 1292 788 1362 natricum
815 1291 1035 1365 exsiccatum
1071 1261 1075 1268 ¹

466 1384 1011 1468 Na0,SO³†Al²0³,3SO³--242,4.

287 1491 367 1575 Bp.
392 1492 547 1559 Aluniinis
569 1490 654 1556 erudi
677 1494 789 1575 myst,
812 1510 832 1556 u
852 1490 934 1558 ferro
955 1492 1046 1575 piune
1066 1491 1174 1572 liberi,
1200 1492 1238 1559 P.
1261 1497 1307 1557 sb.

170 1579 269 1633 Salutis
287 1582 312 1631 in

348 1676 353 1688 ·
378 1652 486 1729 Aquae
509 1647 687 1713 destillutae
708 1646 847 1714 fervidae
869 1648 909 1714 P.
935 1654 1017 1714 1200

77 1741 147 1789 inter
165 1739 317 1801 agitandum
337 1737 437 1787 instilla

371 1805 464 1871 Natri
486 1802 643 1870 sarbonici
667 1807 761 1889 eryst.
788 1804 825 1870 P.
849 1809 891 1870 60

77 1892 119 1947 vel
138 1911 162 1959 q.
177 1909 206 1956 a,
227 1894 351 1945 antesin

370 1964 482 2043 Aquae
504 1959 680 2027 destillatae
702 1962 776 2044 lplo

79 2051 195 2112 solutas,
215 2051 299 2101 donee
316 2050 428 2100 Natrum
447 2048 609 2108 praevaleat
646 2051 710 2100 Post
734 2050 907 2112 digestionem
926 2065 974 2114 par
996 2050 1087 2103 horam
1112 2051 1338 2113 nneeipitatnns

77 2122 199 2184 sidendo¹
220 2121 400 2180 defundendo,
418 2119 445 2169 in
464 2115 590 2169 solatorio
608 2118 756 2181 colligendo
781 2122 809 2171 et
826 2135 896 2184 aqna
917 2123 1028 2173 eluendo
1049 2122 1278 2183 expsimendoqne
1293 2130 1338 2180 ssu

165 2193 233 2241 linio
250 2191 421 2254 praecipitato
439 2189 526 2238 adhue
545 2189 665 2250 humido,
684 2193 710 2240 in
729 2192 891 2242 eueurbitam
910 2194 1022 2244 vitream
1039 2193 1157 2242 immisso
1180 2192 1290 2242 aliunde

365 2258 453 2324 Aeidi
476 2256 617 2324 sulfuriei
639 2262 828 2326 obscenitati
853 2262 890 2329 P.
917 2268 955 2327 lii

81 2350 161 2396 autea
179 2347 277 2397 dilutas

370 2417 479 2496 Aquae
502 2413 677 2480 destillatae
700 2416 737 2482 P.
760 2421 812 2481 80.

164 2502 289 2556 Adhibita
307 2504 398 2556 calore
420 2499 523 2552 solvere
541 2504 597 2564 iae,
618 2506 673 2554 tum
693 2504 761 2556 adde

373 2571 465 2636 Natri
489 2569 628 2637 sulsuuoi
651 2574 857 2656 crystallisati
880 2575 918 2640 P.
945 2579 992 2640 17.

165 2660 301 2713 Solutione
326 2662 434 2722 peraeta
460 2658 587 2719 liquorem
611 2661 683 2712 filtra
713 2664 740 2712 et
770 2676 898 2724 evapora,
931 2663 1014 2712 donea
1038 2665 1115 2721 auda
1140 2665 1247 2713 examta
1264 2663 1288 2710 in
1305 2659 1338 2709 ou

83 2730 193 2780 vitreum
208 2733 338 2782 translata
355 2732 382 2780 et
403 2731 504 2791 agitata
522 2730 548 2779 in
562 2744 675 2781 massam
689 2731 900 2795 crystalluiosam
914 2732 1003 2784 sedat.
1028 2732 1095 2783 'lusu
1108 2746 1208 2793 sepone
1222 2731 1278 2783 ineo
1291 2729 1338 2790 trist

168 2801 319 2864 Crystalluli
338 2801 466 2852 collectae
491 2799 517 2848 in
541 2801 619 2866 Aqua
636 2802 770 2853 destillata
792 2805 892 2855 fervida
915 2804 1018 2855 solutae
1043 2805 1128 2854 denuo
1156 2805 1250 2854 eodem
1275 2801 1338 2850 mmo

82 2871 250 2933 crystallulos
271 2887 347 2936 coge,
373 2885 441 2932 quae
464 2868 573 2929 pomum
598 2870 655 2923 loeo
679 2873 767 2935 tepido
790 2875 906 2926 sinuatae
928 2877 1128 2936 eontereantur,
1152 2877 1208 2925 tum
1236 2875 1291 2926 loeo
1308 2869 1338 2922 osi

76 2941 246 2999 (ltili-150⁰
263 2944 304 3005 (i.)
323 2942 438 3004 perieete
457 2942 629 2994 exsiccentur.

466 3089 614 3161 Alumen
640 3091 810 3163 natricum
837 3088 1014 3181 liquidum.

373 3201 1108 3287 Nauso³÷A1²0³,3so³†242,4Aq.-=2424.

289 3303 369 3386 Rp.
395 3307 550 3374 Alumiuis
573 3309 684 3375 natiiei
708 3310 856 3376 exsiccati
878 3311 919 3375 P.
946 3315 971 3375 i.

168 3391 247 3443 Solve
265 3392 292 3441 in

380 3467 489 3547 Aquae
511 3464 689 3532 destillatee
712 3466 748 3532 P.
773 3473 802 3532 b.

180 3547 285 3609 Sepone
304 3565 351 3612 per
368 3554 449 3615 diem,
468 3556 523 3604 tum
542 3550 621 3604 filtra.
655 3554 754 3619 liquor
772 3555 807 3606 sit
823 3555 947 3616 ponderis
962 3553 1074 3615 snaoifloi
1095 3553 1295 3616 ibib-ibib-

606 3688 867 3762 illumina.

122 3777 274 3872 'Aigilia
319 3793 474 3860 Alnmina.
520 3797 618 3864 Tene
641 3801 849 3940 olamamease.
886 3801 1104 3871 Alam-sortia.
1148 3802 1330 3869 Alaunerde

169 3999 321 4066 Alumina
344 4003 376 4064 in
399 4022 482 4084 aqua
504 4019 565 4067 non
588 3901 918 4085 εο]ῒέῐι3,ῖ(ῗ1ἐὲᾧεη
940 4026 999 4090 ope
1021 4012 1133 4077 salium
1155 4011 1285 4077 aliorum
1306 4029 1338 4093 pr

84 4086 218 4151 sentium
241 4086 383 4153 efficitur.
429 4089 478 4154 Ad
508 4091 664 4171 parandas
694 4110 791 4173 aquas
818 4092 895 4160 haec
923 4101 1006 4162 terra
1020 4100 1055 4161 'e
1078 4096 1196 4164 salibus
1222 4096 1338 4162 alumiu'

84 4171 281 4253 solubilibus,
308 4174 353 4238 uti
378 4175 522 4241 Alumina
537 4177 683 4244 sulfuriea
707 4185 739 4243 et
754 4179 912 4248 Aluminio
934 4182 1091 4262 chlorato,
1114 4203 1174 4266 ope
1193 4184 1338 4250 sarboust

86 4257 284 4324 alcalinorum
306 4261 538 4344 praecipitetur.
575 4263 773 4342 Quantitates
789 4265 955 4334 Aluminae
970 4275 1004 4333 et
1019 4269 1131 4336 salium
1152 4269 1338 4337 aluminioors

84 4363 165 4426 quae
188 4346 269 4412 inter
290 4363 325 4412 se
346 4349 497 4413 rationem
522 4348 652 4427 habent,
676 4351 772 4420 refert
794 4354 900 4424 tabula
921 4356 973 4424 IV.
