<?xml version="1.0" encoding="UTF-8"?>
<!DOCTYPE html PUBLIC "-//W3C//DTD XHTML 1.0 Transitional//EN"
    "http://www.w3.org/TR/xhtml1/DTD/xhtml1-transitional.dtd">
<html xmlns="http://www.w3.org/1999/xhtml" xml:lang="en" lang="en">
 <head>
  <title>
</title>
<meta http-equiv="Content-Type" content="text/html;charset=utf-8" />
  <meta name='ocr-system' content='tesseract 3.04.00' />
  <meta name='ocr-capabilities' content='ocr_page ocr_carea ocr_par ocr_line ocrx_word'/>
</head>
<body>
  <div class='ocr_page' id='page_1' title='image "./adjumentavariac00hagegoog_0495.png"; bbox 0 0 2904 4904; ppageno 0'>
   <div class='ocr_carea' id='block_1_1' title="bbox 117 259 179 320">
    <p class='ocr_par' dir='ltr' id='par_1_1' title="bbox 117 259 179 320">
     <span class='ocr_line' id='line_1_1' title="bbox 117 259 179 320; baseline 0 0"><span class='ocrx_word' id='word_1_1' title='bbox 117 259 179 320; x_wconf 87' lang='grc'>474</span> 
     </span>
    </p>
   </div>
   <div class='ocr_carea' id='block_1_2' title="bbox 114 426 1422 2148">
    <p class='ocr_par' dir='ltr' id='par_1_2' title="bbox 115 426 1412 926">
     <span class='ocr_line' id='line_1_2' title="bbox 115 426 1410 515; baseline 0 -21"><span class='ocrx_word' id='word_1_2' title='bbox 115 447 208 495; x_wconf 85' lang='lat' dir='ltr'>arem</span> <span class='ocrx_word' id='word_1_3' title='bbox 229 427 435 513; x_wconf 66' lang='lat' dir='ltr'>ieytredetaa</span> <span class='ocrx_word' id='word_1_4' title='bbox 460 429 541 497; x_wconf 83' lang='lat' dir='ltr'>baec</span> <span class='ocrx_word' id='word_1_5' title='bbox 562 449 672 513; x_wconf 78' lang='lat' dir='ltr'>aquea</span> <span class='ocrx_word' id='word_1_6' title='bbox 685 429 838 514; x_wconf 65' lang='lat' dir='ltr'>amidae,</span> <span class='ocrx_word' id='word_1_7' title='bbox 862 432 958 515; x_wconf 73' lang='lat' dir='ltr'>eajer</span> <span class='ocrx_word' id='word_1_8' title='bbox 975 432 1202 514; x_wconf 79' lang='lat' dir='ltr'>temperatura</span> <span class='ocrx_word' id='word_1_9' title='bbox 1224 426 1319 514; x_wconf 81' lang='lat' dir='ltr'>duplo</span> <span class='ocrx_word' id='word_1_10' title='bbox 1331 432 1410 513; x_wconf 74' lang='lat' dir='ltr'>maja</span> 
     </span>
     <span class='ocr_line' id='line_1_3' title="bbox 116 513 1411 600; baseline 0.002 -19"><span class='ocrx_word' id='word_1_11' title='bbox 116 516 174 586; x_wconf 73' lang='lat' dir='ltr'>eit,</span> <span class='ocrx_word' id='word_1_12' title='bbox 208 535 309 599; x_wconf 79' lang='lat' dir='ltr'>qaam</span> <span class='ocrx_word' id='word_1_13' title='bbox 340 536 448 598; x_wconf 68' lang='lat' dir='ltr'>eque</span> <span class='ocrx_word' id='word_1_14' title='bbox 480 516 645 598; x_wconf 72' lang='lat' dir='ltr'><strong><em>bibendae,</em></strong></span> <span class='ocrx_word' id='word_1_15' title='bbox 679 517 872 600; x_wconf 71' lang='lat' dir='ltr'>impetatur.</span> <span class='ocrx_word' id='word_1_16' title='bbox 928 517 1106 599; x_wconf 72' lang='lat' dir='ltr'>ememor</span> <span class='ocrx_word' id='word_1_17' title='bbox 1139 513 1240 597; x_wconf 67' lang='lat' dir='ltr'>teja</span> <span class='ocrx_word' id='word_1_18' title='bbox 1271 518 1411 600; x_wconf 63' lang='lat' dir='ltr'>aenaea</span> 
     </span>
     <span class='ocr_line' id='line_1_4' title="bbox 117 600 1411 687; baseline -0.001 -21"><span class='ocrx_word' id='word_1_19' title='bbox 117 601 268 685; x_wconf 79' lang='lat' dir='ltr'>cyathum</span> <span class='ocrx_word' id='word_1_20' title='bbox 287 601 336 667; x_wconf 74' lang='lat' dir='ltr'>ite</span> <span class='ocrx_word' id='word_1_21' title='bbox 358 600 568 686; x_wconf 73' lang='lat' dir='ltr'>infeodetur,</span> <span class='ocrx_word' id='word_1_22' title='bbox 601 608 637 670; x_wconf 85' lang='lat' dir='ltr'>et</span> <span class='ocrx_word' id='word_1_23' title='bbox 660 602 713 669; x_wconf 80' lang='lat' dir='ltr'>hie</span> <span class='ocrx_word' id='word_1_24' title='bbox 742 623 845 687; x_wconf 79' lang='lat' dir='ltr'>eaque</span> <span class='ocrx_word' id='word_1_25' title='bbox 883 604 928 670; x_wconf 84' lang='lat' dir='ltr'>ad</span> <span class='ocrx_word' id='word_1_26' title='bbox 944 604 1088 686; x_wconf 61' lang='lat' dir='ltr'>monem</span> <span class='ocrx_word' id='word_1_27' title='bbox 1109 601 1236 668; x_wconf 76' lang='lat' dir='ltr'>lineam</span> <span class='ocrx_word' id='word_1_28' title='bbox 1257 602 1411 685; x_wconf 75' lang='lat' dir='ltr'>impleatur.</span> 
     </span>
     <span class='ocr_line' id='line_1_5' title="bbox 116 686 1412 775; baseline 0 -22"><span class='ocrx_word' id='word_1_29' title='bbox 116 694 185 755; x_wconf 84' lang='lat' dir='ltr'>tem</span> <span class='ocrx_word' id='word_1_30' title='bbox 207 708 247 753; x_wconf 81' lang='lat' dir='ltr'>ee</span> <span class='ocrx_word' id='word_1_31' title='bbox 274 690 391 770; x_wconf 81' lang='lat' dir='ltr'>tepene</span> <span class='ocrx_word' id='word_1_32' title='bbox 420 688 467 756; x_wconf 91' lang='grc' dir='ltr'>ΙΙ</span> <span class='ocrx_word' id='word_1_33' title='bbox 491 694 616 755; x_wconf 78' lang='lat' dir='ltr'>reatem</span> <span class='ocrx_word' id='word_1_34' title='bbox 649 687 805 768; x_wconf 82' lang='lat' dir='ltr'>addatur,</span> <span class='ocrx_word' id='word_1_35' title='bbox 837 695 988 775; x_wconf 66' lang='lat' dir='ltr'>quomam</span> <span class='ocrx_word' id='word_1_36' title='bbox 1017 689 1101 756; x_wconf 78' lang='lat' dir='ltr'>aetia</span> <span class='ocrx_word' id='word_1_37' title='bbox 1132 693 1182 753; x_wconf 83' lang='lat' dir='ltr'>eat</span> <span class='ocrx_word' id='word_1_38' title='bbox 1212 686 1262 753; x_wconf 82' lang='lat' dir='ltr'>ed</span> <span class='ocrx_word' id='word_1_39' title='bbox 1289 688 1412 772; x_wconf 70' lang='lat' dir='ltr'>cautim</span> 
     </span>
     <span class='ocr_line' id='line_1_6' title="bbox 116 773 1412 926; baseline 0.001 -88"><span class='ocrx_word' id='word_1_40' title='bbox 116 794 221 926; x_wconf 56' lang='grc' dir='ltr'>ἴιὲιιιι</span> <span class='ocrx_word' id='word_1_41' title='bbox 243 773 288 839; x_wconf 83' lang='lat' dir='ltr'>ed</span> <span class='ocrx_word' id='word_1_42' title='bbox 309 774 429 840; x_wconf 83' lang='lat' dir='ltr'>lineam</span> <span class='ocrx_word' id='word_1_43' title='bbox 451 775 627 842; x_wconf 75' lang='lat' dir='ltr'>secandam</span> <span class='ocrx_word' id='word_1_44' title='bbox 650 775 864 858; x_wconf 62' lang='lat' dir='ltr'>explendam</span> <span class='ocrx_word' id='word_1_45' title='bbox 881 776 1024 843; x_wconf 75' lang='lat' dir='ltr'>miratam</span> <span class='ocrx_word' id='word_1_46' title='bbox 1038 778 1184 842; x_wconf 66' lang='lat' dir='ltr'>celeriter</span> <span class='ocrx_word' id='word_1_47' title='bbox 1206 775 1412 859; x_wconf 56' lang='lat' dir='ltr'>neaerae„</span> 
     </span>
     <span class='ocr_line' id='line_1_7' title="bbox 136 880 256 925; baseline -0.017 0"><span class='ocrx_word' id='word_1_48' title='bbox 136 880 256 925; x_wconf 77' lang='lat' dir='ltr'>tear.</span> 
     </span>
    </p>

    <p class='ocr_par' dir='ltr' id='par_1_3' title="bbox 117 944 1416 1271">
     <span class='ocr_line' id='line_1_8' title="bbox 200 944 1415 1030; baseline -0.001 -19"><span class='ocrx_word' id='word_1_49' title='bbox 200 946 283 1011; x_wconf 87' lang='lat' dir='ltr'>Fam</span> <span class='ocrx_word' id='word_1_50' title='bbox 307 944 515 1012; x_wconf 81' lang='lat' dir='ltr'>Tberesianus</span> <span class='ocrx_word' id='word_1_51' title='bbox 534 949 777 1029; x_wconf 78' lang='lat' dir='ltr'><strong>temperaturam</strong></span> <span class='ocrx_word' id='word_1_52' title='bbox 799 948 895 1015; x_wconf 89' lang='lat' dir='ltr'>habet</span> <span class='ocrx_word' id='word_1_53' title='bbox 922 946 1078 1030; x_wconf 63' lang='lat' dir='ltr'>murum</span> <span class='ocrx_word' id='word_1_54' title='bbox 1104 944 1212 1013; x_wconf 74' lang='lat'><strong>50⁰0.</strong></span> <span class='ocrx_word' id='word_1_55' title='bbox 1236 946 1288 1011; x_wconf 84' lang='lat' dir='ltr'>uel</span> <span class='ocrx_word' id='word_1_56' title='bbox 1314 944 1415 1024; x_wconf 80' lang='lat' dir='ltr'>40⁰R.;</span> 
     </span>
     <span class='ocr_line' id='line_1_9' title="bbox 117 1030 1416 1116; baseline -0.003 -20"><span class='ocrx_word' id='word_1_57' title='bbox 117 1031 198 1097; x_wconf 90' lang='lat' dir='ltr'>solet</span> <span class='ocrx_word' id='word_1_58' title='bbox 211 1030 277 1097; x_wconf 89' lang='lat' dir='ltr'>bibi</span> <span class='ocrx_word' id='word_1_59' title='bbox 301 1030 368 1113; x_wconf 80' lang='lat' dir='ltr'>eJus</span> <span class='ocrx_word' id='word_1_60' title='bbox 379 1037 623 1115; x_wconf 86' lang='lat' dir='ltr'>temperaturae,</span> <span class='ocrx_word' id='word_1_61' title='bbox 645 1052 726 1116; x_wconf 89' lang='lat' dir='ltr'>quae</span> <span class='ocrx_word' id='word_1_62' title='bbox 739 1035 822 1101; x_wconf 85' lang='lat' dir='ltr'>inter</span> <span class='ocrx_word' id='word_1_63' title='bbox 839 1040 883 1103; x_wconf 77' lang='lat' dir='ltr'>aa</span> <span class='ocrx_word' id='word_1_64' title='bbox 898 1038 931 1101; x_wconf 91' lang='lat' dir='ltr'>et</span> <span class='ocrx_word' id='word_1_65' title='bbox 944 1033 1046 1100; x_wconf 73' lang='lat'>50⁰0.</span> <span class='ocrx_word' id='word_1_66' title='bbox 1070 1032 1121 1098; x_wconf 82' lang='lat' dir='ltr'>uel</span> <span class='ocrx_word' id='word_1_67' title='bbox 1138 1032 1224 1097; x_wconf 91' lang='lat' dir='ltr'>inter</span> <span class='ocrx_word' id='word_1_68' title='bbox 1241 1036 1282 1097; x_wconf 84' lang='grc'>36</span> <span class='ocrx_word' id='word_1_69' title='bbox 1294 1031 1416 1098; x_wconf 71' lang='lat' dir='ltr'>amr.</span> 
     </span>
     <span class='ocr_line' id='line_1_10' title="bbox 118 1117 1416 1271; baseline -0.002 -89"><span class='ocrx_word' id='word_1_70' title='bbox 118 1202 133 1269; x_wconf 67' lang='lat' dir='ltr'><strong>f</strong></span> <span class='ocrx_word' id='word_1_71' title='bbox 171 1205 177 1217; x_wconf 32' lang='lat'>⁸</span> <span class='ocrx_word' id='word_1_72' title='bbox 202 1118 417 1271; x_wconf 58' lang='lat' dir='ltr'>Itlaaquetaqua</span> <span class='ocrx_word' id='word_1_73' title='bbox 439 1119 570 1201; x_wconf 76' lang='lat' dir='ltr'>lagenae</span> <span class='ocrx_word' id='word_1_74' title='bbox 591 1120 607 1186; x_wconf 96' lang='lat' dir='ltr'>I</span> <span class='ocrx_word' id='word_1_75' title='bbox 630 1120 670 1187; x_wconf 92' lang='lat' dir='ltr'>ad</span> <span class='ocrx_word' id='word_1_76' title='bbox 692 1126 732 1187; x_wconf 82' lang='grc'>90</span> <span class='ocrx_word' id='word_1_77' title='bbox 758 1121 876 1205; x_wconf 64' lang='lat' dir='ltr'>medus</span> <span class='ocrx_word' id='word_1_78' title='bbox 899 1120 934 1188; x_wconf 82' lang='lat'>0.</span> <span class='ocrx_word' id='word_1_79' title='bbox 958 1121 1008 1186; x_wconf 88' lang='lat' dir='ltr'>uel</span> <span class='ocrx_word' id='word_1_80' title='bbox 1030 1118 1073 1186; x_wconf 88' lang='lat' dir='ltr'>ad</span> <span class='ocrx_word' id='word_1_81' title='bbox 1094 1124 1137 1184; x_wconf 79' lang='lat'>72</span> <span class='ocrx_word' id='word_1_82' title='bbox 1160 1119 1281 1199; x_wconf 82' lang='lat' dir='ltr'>gradus</span> <span class='ocrx_word' id='word_1_83' title='bbox 1303 1117 1416 1185; x_wconf 79' lang='lat' dir='ltr'>Reate</span> 
     </span>
     <span class='ocr_line' id='line_1_11' title="bbox 131 1221 344 1270; baseline -0.005 0"><span class='ocrx_word' id='word_1_84' title='bbox 131 1222 220 1270; x_wconf 86' lang='lat' dir='ltr'>acran</span> <span class='ocrx_word' id='word_1_85' title='bbox 285 1221 344 1269; x_wconf 91' lang='lat' dir='ltr'>es.</span> 
     </span>
    </p>

    <p class='ocr_par' dir='ltr' id='par_1_4' title="bbox 114 1289 1422 2148">
     <span class='ocr_line' id='line_1_12' title="bbox 201 1289 1419 1375; baseline -0.002 -19"><span class='ocrx_word' id='word_1_86' title='bbox 201 1289 234 1356; x_wconf 89' lang='lat' dir='ltr'>Si</span> <span class='ocrx_word' id='word_1_87' title='bbox 271 1291 348 1371; x_wconf 89' lang='lat' dir='ltr'>quid</span> <span class='ocrx_word' id='word_1_88' title='bbox 381 1292 431 1357; x_wconf 86' lang='lat' dir='ltr'>vel</span> <span class='ocrx_word' id='word_1_89' title='bbox 465 1292 498 1356; x_wconf 91' lang='lat' dir='ltr'>in</span> <span class='ocrx_word' id='word_1_90' title='bbox 530 1296 743 1375; x_wconf 73' lang='lat' dir='ltr'>temperatura</span> <span class='ocrx_word' id='word_1_91' title='bbox 776 1295 829 1360; x_wconf 84' lang='lat' dir='ltr'>uel</span> <span class='ocrx_word' id='word_1_92' title='bbox 865 1292 897 1357; x_wconf 94' lang='lat' dir='ltr'>in</span> <span class='ocrx_word' id='word_1_93' title='bbox 931 1310 1015 1375; x_wconf 86' lang='lat' dir='ltr'>aqua</span> <span class='ocrx_word' id='word_1_94' title='bbox 1044 1290 1203 1357; x_wconf 90' lang='lat' dir='ltr'>communi</span> <span class='ocrx_word' id='word_1_95' title='bbox 1244 1289 1419 1357; x_wconf 85' lang='lat' dir='ltr'>admiscenda</span> 
     </span>
     <span class='ocr_line' id='line_1_13' title="bbox 115 1376 1420 1463; baseline -0.001 -22"><span class='ocrx_word' id='word_1_96' title='bbox 115 1376 300 1441; x_wconf 88' lang='lat' dir='ltr'>mutandum</span> <span class='ocrx_word' id='word_1_97' title='bbox 322 1384 388 1458; x_wconf 86' lang='lat' dir='ltr'>est,</span> <span class='ocrx_word' id='word_1_98' title='bbox 418 1377 450 1441; x_wconf 91' lang='lat' dir='ltr'>id</span> <span class='ocrx_word' id='word_1_99' title='bbox 479 1377 649 1445; x_wconf 87' lang='lat' dir='ltr'>secundum</span> <span class='ocrx_word' id='word_1_100' title='bbox 679 1384 846 1463; x_wconf 87' lang='lat' dir='ltr'>praecepta</span> <span class='ocrx_word' id='word_1_101' title='bbox 874 1378 984 1445; x_wconf 88' lang='lat' dir='ltr'>modici</span> <span class='ocrx_word' id='word_1_102' title='bbox 1012 1377 1207 1443; x_wconf 87' lang='lat' dir='ltr'>instituetur.</span> <span class='ocrx_word' id='word_1_103' title='bbox 1265 1376 1420 1445; x_wconf 62' lang='lat' dir='ltr'>&amp;rendum</span> 
     </span>
     <span class='ocr_line' id='line_1_14' title="bbox 118 1462 1418 1546; baseline -0.001 -20"><span class='ocrx_word' id='word_1_104' title='bbox 118 1463 213 1526; x_wconf 87' lang='lat' dir='ltr'>etiam</span> <span class='ocrx_word' id='word_1_105' title='bbox 235 1462 311 1527; x_wconf 90' lang='lat' dir='ltr'>illud</span> <span class='ocrx_word' id='word_1_106' title='bbox 333 1468 392 1542; x_wconf 90' lang='lat' dir='ltr'>est,</span> <span class='ocrx_word' id='word_1_107' title='bbox 416 1481 456 1528; x_wconf 91' lang='lat' dir='ltr'>ne</span> <span class='ocrx_word' id='word_1_108' title='bbox 477 1462 621 1546; x_wconf 82' lang='lat' dir='ltr'>lagenula</span> <span class='ocrx_word' id='word_1_109' title='bbox 634 1466 832 1546; x_wconf 84' lang='lat' dir='ltr'>porcellaneo</span> <span class='ocrx_word' id='word_1_110' title='bbox 855 1465 960 1532; x_wconf 87' lang='lat' dir='ltr'>subite</span> <span class='ocrx_word' id='word_1_111' title='bbox 976 1462 1119 1531; x_wconf 78' lang='lat' dir='ltr'>fervidae</span> <span class='ocrx_word' id='word_1_112' title='bbox 1133 1480 1238 1545; x_wconf 82' lang='lat' dir='ltr'>aquae</span> <span class='ocrx_word' id='word_1_113' title='bbox 1256 1465 1418 1546; x_wconf 81' lang='lat' dir='ltr'>imponatur.</span> 
     </span>
     <span class='ocr_line' id='line_1_15' title="bbox 116 1547 1419 1633; baseline -0.001 -21"><span class='ocrx_word' id='word_1_114' title='bbox 116 1547 172 1613; x_wconf 88' lang='lat' dir='ltr'>sed</span> <span class='ocrx_word' id='word_1_115' title='bbox 192 1548 344 1629; x_wconf 87' lang='lat' dir='ltr'>paulatim</span> <span class='ocrx_word' id='word_1_116' title='bbox 367 1549 400 1613; x_wconf 90' lang='lat' dir='ltr'>in</span> <span class='ocrx_word' id='word_1_117' title='bbox 422 1550 533 1615; x_wconf 88' lang='lat' dir='ltr'>balneo</span> <span class='ocrx_word' id='word_1_118' title='bbox 557 1568 658 1632; x_wconf 89' lang='lat' dir='ltr'>aquae</span> <span class='ocrx_word' id='word_1_119' title='bbox 688 1552 811 1618; x_wconf 88' lang='lat' dir='ltr'>calefiat</span> <span class='ocrx_word' id='word_1_120' title='bbox 840 1570 875 1617; x_wconf 91' lang='lat' dir='ltr'>ac</span> <span class='ocrx_word' id='word_1_121' title='bbox 904 1551 1018 1617; x_wconf 81' lang='lat' dir='ltr'>leuiter</span> <span class='ocrx_word' id='word_1_122' title='bbox 1046 1552 1159 1633; x_wconf 87' lang='lat' dir='ltr'>operta</span> <span class='ocrx_word' id='word_1_123' title='bbox 1183 1550 1237 1616; x_wconf 83' lang='lat' dir='ltr'>ait</span> <span class='ocrx_word' id='word_1_124' title='bbox 1281 1550 1419 1617; x_wconf 81' lang='lat' dir='ltr'>Commen-</span> 
     </span>
     <span class='ocr_line' id='line_1_16' title="bbox 116 1633 1420 1732; baseline 0 -33"><span class='ocrx_word' id='word_1_125' title='bbox 116 1633 225 1700; x_wconf 84' lang='lat' dir='ltr'>damus</span> <span class='ocrx_word' id='word_1_126' title='bbox 255 1637 366 1732; x_wconf 77' lang='lat' dir='ltr'>etiam,</span> <span class='ocrx_word' id='word_1_127' title='bbox 397 1641 434 1703; x_wconf 91' lang='lat' dir='ltr'>ut</span> <span class='ocrx_word' id='word_1_128' title='bbox 461 1637 670 1719; x_wconf 79' lang='lat' dir='ltr'>quantitatem</span> <span class='ocrx_word' id='word_1_129' title='bbox 699 1656 801 1720; x_wconf 87' lang='lat' dir='ltr'>aquae</span> <span class='ocrx_word' id='word_1_130' title='bbox 828 1636 1089 1705; x_wconf 82' lang='lat' dir='ltr'>commiscendum</span> <span class='ocrx_word' id='word_1_131' title='bbox 1119 1653 1161 1701; x_wconf 84' lang='lat' dir='ltr'>ex</span> <span class='ocrx_word' id='word_1_132' title='bbox 1192 1636 1306 1719; x_wconf 83' lang='lat' dir='ltr'>lagena</span> <span class='ocrx_word' id='word_1_133' title='bbox 1326 1636 1420 1715; x_wconf 87' lang='lat' dir='ltr'>IIjan</span> 
     </span>
     <span class='ocr_line' id='line_1_17' title="bbox 116 1720 1420 1805; baseline -0.002 -20"><span class='ocrx_word' id='word_1_134' title='bbox 116 1725 209 1786; x_wconf 87' lang='lat' dir='ltr'>antea</span> <span class='ocrx_word' id='word_1_135' title='bbox 232 1720 413 1795; x_wconf 74' lang='lat' dir='ltr'>dimetiens,</span> <span class='ocrx_word' id='word_1_136' title='bbox 436 1724 528 1805; x_wconf 89' lang='lat' dir='ltr'>qnia,</span> <span class='ocrx_word' id='word_1_137' title='bbox 566 1722 640 1788; x_wconf 91' lang='lat' dir='ltr'>dum</span> <span class='ocrx_word' id='word_1_138' title='bbox 670 1741 772 1805; x_wconf 87' lang='lat' dir='ltr'>aquae</span> <span class='ocrx_word' id='word_1_139' title='bbox 804 1725 837 1791; x_wconf 92' lang='lat' dir='ltr'>in</span> <span class='ocrx_word' id='word_1_140' title='bbox 874 1724 987 1790; x_wconf 88' lang='lat' dir='ltr'>catha</span> <span class='ocrx_word' id='word_1_141' title='bbox 1024 1724 1286 1800; x_wconf 81' lang='lat' dir='ltr'>commiscentur,</span> <span class='ocrx_word' id='word_1_142' title='bbox 1319 1722 1420 1789; x_wconf 87' lang='lat' dir='ltr'>acidum</span> 
     </span>
     <span class='ocr_line' id='line_1_18' title="bbox 115 1746 1421 1907; baseline -0.001 -34"><span class='ocrx_word' id='word_1_143' title='bbox 115 1806 312 1906; x_wconf 72' lang='lat' dir='ltr'>carbunicam</span> <span class='ocrx_word' id='word_1_144' title='bbox 335 1809 487 1907; x_wconf 75' lang='lat' dir='ltr'>decedens</span> <span class='ocrx_word' id='word_1_145' title='bbox 510 1814 541 1875; x_wconf 90' lang='lat' dir='ltr'>et</span> <span class='ocrx_word' id='word_1_146' title='bbox 563 1827 662 1891; x_wconf 86' lang='lat' dir='ltr'>vapor</span> <span class='ocrx_word' id='word_1_147' title='bbox 692 1828 795 1892; x_wconf 88' lang='lat' dir='ltr'>aquae</span> <span class='ocrx_word' id='word_1_148' title='bbox 816 1746 986 1877; x_wconf 56' lang='lat' dir='ltr'>carebam</span> <span class='ocrx_word' id='word_1_149' title='bbox 1014 1826 1111 1891; x_wconf 86' lang='lat' dir='ltr'>saepe</span> <span class='ocrx_word' id='word_1_150' title='bbox 1142 1809 1335 1893; x_wconf 84' lang='lat' dir='ltr'>impediunt,</span> <span class='ocrx_word' id='word_1_151' title='bbox 1362 1826 1421 1891; x_wconf 81' lang='lat' dir='ltr'>que</span> 
     </span>
     <span class='ocr_line' id='line_1_19' title="bbox 114 1893 1421 1981; baseline -0.001 -23"><span class='ocrx_word' id='word_1_152' title='bbox 114 1910 217 1958; x_wconf 81' lang='lat' dir='ltr'>munus</span> <span class='ocrx_word' id='word_1_153' title='bbox 240 1910 387 1960; x_wconf 89' lang='lat' dir='ltr'>mensura</span> <span class='ocrx_word' id='word_1_154' title='bbox 407 1901 495 1977; x_wconf 83' lang='lat' dir='ltr'>Justa</span> <span class='ocrx_word' id='word_1_155' title='bbox 517 1896 708 1963; x_wconf 81' lang='lat' dir='ltr'>exhibeatur.</span> <span class='ocrx_word' id='word_1_156' title='bbox 753 1898 865 1981; x_wconf 87' lang='lat' dir='ltr'>Itaque</span> <span class='ocrx_word' id='word_1_157' title='bbox 894 1896 1083 1971; x_wconf 86' lang='lat' dir='ltr'>suademus,</span> <span class='ocrx_word' id='word_1_158' title='bbox 1114 1900 1151 1961; x_wconf 92' lang='lat' dir='ltr'>ut</span> <span class='ocrx_word' id='word_1_159' title='bbox 1173 1903 1233 1964; x_wconf 89' lang='lat' dir='ltr'>aut</span> <span class='ocrx_word' id='word_1_160' title='bbox 1255 1895 1317 1962; x_wconf 91' lang='lat' dir='ltr'>due</span> <span class='ocrx_word' id='word_1_161' title='bbox 1337 1893 1421 1977; x_wconf 85' lang='lat' dir='ltr'>eyahi</span> 
     </span>
     <span class='ocr_line' id='line_1_20' title="bbox 115 1979 1422 2130; baseline -0.002 -85"><span class='ocrx_word' id='word_1_162' title='bbox 115 1979 289 2130; x_wconf 63' lang='lat' dir='ltr'>addantutrr,</span> <span class='ocrx_word' id='word_1_163' title='bbox 324 1986 379 2046; x_wconf 89' lang='lat' dir='ltr'>aut</span> <span class='ocrx_word' id='word_1_164' title='bbox 408 1981 497 2063; x_wconf 84' lang='lat' dir='ltr'>juxta</span> <span class='ocrx_word' id='word_1_165' title='bbox 531 1983 679 2069; x_wconf 85' lang='lat' dir='ltr'>cyathum</span> <span class='ocrx_word' id='word_1_166' title='bbox 711 2000 768 2050; x_wconf 84' lang='lat' dir='ltr'>uas</span> <span class='ocrx_word' id='word_1_167' title='bbox 804 1985 939 2049; x_wconf 74' lang='lat' dir='ltr'>vitreum</span> <span class='ocrx_word' id='word_1_168' title='bbox 978 1982 1017 2049; x_wconf 92' lang='lat' dir='ltr'>ad</span> <span class='ocrx_word' id='word_1_169' title='bbox 1051 1984 1301 2051; x_wconf 79' lang='lat' dir='ltr'>mensurandum</span> <span class='ocrx_word' id='word_1_170' title='bbox 1336 1988 1422 2065; x_wconf 91' lang='lat' dir='ltr'>aptum</span> 
     </span>
     <span class='ocr_line' id='line_1_21' title="bbox 116 2083 298 2148; baseline 0.022 -18"><span class='ocrx_word' id='word_1_171' title='bbox 116 2084 237 2148; x_wconf 84' lang='lat' dir='ltr'>appone</span> <span class='ocrx_word' id='word_1_172' title='bbox 252 2083 298 2134; x_wconf 91' lang='lat' dir='ltr'>ur.</span> 
     </span>
    </p>
   </div>
   <div class='ocr_carea' id='block_1_3' title="bbox 113 2241 1420 2428">
    <p class='ocr_par' dir='ltr' id='par_1_5' title="bbox 113 2241 1420 2428">
     <span class='ocr_line' id='line_1_22' title="bbox 167 2241 1384 2355; baseline 0.004 -35"><span class='ocrx_word' id='word_1_173' title='bbox 167 2241 364 2355; x_wconf 62' lang='lat' dir='ltr'>manae</span> <span class='ocrx_word' id='word_1_174' title='bbox 385 2241 680 2325; x_wconf 83' lang='lat' dir='ltr'>ruineraies</span> <span class='ocrx_word' id='word_1_175' title='bbox 706 2243 1019 2324; x_wconf 80' lang='lat' dir='ltr'>sulfuratae</span> <span class='ocrx_word' id='word_1_176' title='bbox 1047 2246 1174 2327; x_wconf 86' lang='lat' dir='ltr'>arte</span> <span class='ocrx_word' id='word_1_177' title='bbox 1206 2242 1384 2327; x_wconf 80' lang='lat' dir='ltr'>sacrae</span> 
     </span>
     <span class='ocr_line' id='line_1_23' title="bbox 113 2345 1420 2428; baseline -0.002 -17"><span class='ocrx_word' id='word_1_178' title='bbox 113 2346 269 2428; x_wconf 86' lang='lat' dir='ltr'>imprrmm</span> <span class='ocrx_word' id='word_1_179' title='bbox 292 2361 364 2425; x_wconf 91' lang='lat' dir='ltr'>eae,</span> <span class='ocrx_word' id='word_1_180' title='bbox 396 2361 475 2427; x_wconf 89' lang='lat' dir='ltr'>quae</span> <span class='ocrx_word' id='word_1_181' title='bbox 505 2345 627 2412; x_wconf 78' lang='lat' dir='ltr'>addum</span> <span class='ocrx_word' id='word_1_182' title='bbox 657 2346 855 2414; x_wconf 87' lang='lat' dir='ltr'>carbonieum</span> <span class='ocrx_word' id='word_1_183' title='bbox 888 2346 1065 2427; x_wconf 88' lang='lat' dir='ltr'>continent,</span> <span class='ocrx_word' id='word_1_184' title='bbox 1096 2346 1209 2412; x_wconf 89' lang='lat' dir='ltr'>eedem</span> <span class='ocrx_word' id='word_1_185' title='bbox 1241 2346 1349 2425; x_wconf 90' lang='lat' dir='ltr'>medo,</span> <span class='ocrx_word' id='word_1_186' title='bbox 1375 2362 1420 2427; x_wconf 83' lang='lat' dir='ltr'>quo</span> 
     </span>
    </p>
   </div>
   <div class='ocr_carea' id='block_1_4' title="bbox 114 2429 1419 2515">
    <p class='ocr_par' dir='ltr' id='par_1_6' title="bbox 114 2429 1419 2515">
     <span class='ocr_line' id='line_1_24' title="bbox 114 2429 1419 2515; baseline -0.001 -17"><span class='ocrx_word' id='word_1_187' title='bbox 114 2448 213 2515; x_wconf 86' lang='lat' dir='ltr'>oquae</span> <span class='ocrx_word' id='word_1_188' title='bbox 235 2429 412 2495; x_wconf 84' lang='lat' dir='ltr'>artificiales</span> <span class='ocrx_word' id='word_1_189' title='bbox 435 2430 553 2496; x_wconf 87' lang='lat' dir='ltr'>calidae</span> <span class='ocrx_word' id='word_1_190' title='bbox 580 2432 734 2499; x_wconf 87' lang='lat' dir='ltr'>bibendae</span> <span class='ocrx_word' id='word_1_191' title='bbox 755 2434 874 2515; x_wconf 77' lang='lat' dir='ltr'>porrigi</span> <span class='ocrx_word' id='word_1_192' title='bbox 897 2433 1015 2513; x_wconf 87' lang='lat' dir='ltr'>solent,</span> <span class='ocrx_word' id='word_1_193' title='bbox 1046 2450 1082 2499; x_wconf 93' lang='lat' dir='ltr'>eo</span> <span class='ocrx_word' id='word_1_194' title='bbox 1117 2438 1224 2500; x_wconf 90' lang='lat' dir='ltr'>tamen</span> <span class='ocrx_word' id='word_1_195' title='bbox 1253 2433 1419 2500; x_wconf 76' lang='lat' dir='ltr'>discrimino.</span> 
     </span>
    </p>
   </div>
   <div class='ocr_carea' id='block_1_5' title="bbox 172 2556 515 2565">
    <p class='ocr_par' dir='ltr' id='par_1_7' title="bbox 172 2556 515 2565">
     <span class='ocr_line' id='line_1_25' title="bbox 172 2556 515 2565; baseline -0.009 0"><span class='ocrx_word' id='word_1_196' title='bbox 172 2560 199 2565; x_wconf 88' lang='grc'>-</span> <span class='ocrx_word' id='word_1_197' title='bbox 211 2559 250 2565; x_wconf 76' lang='grc'>---</span> <span class='ocrx_word' id='word_1_198' title='bbox 438 2556 515 2563; x_wconf 68' lang='lat'>1——</span> 
     </span>
    </p>
   </div>
   <div class='ocr_carea' id='block_1_6' title="bbox 114 2601 1422 4229">
    <p class='ocr_par' dir='ltr' id='par_1_8' title="bbox 218 2601 1422 3015">
     <span class='ocr_line' id='line_1_26' title="bbox 220 2601 1421 2680; baseline -0.007 -19"><span class='ocrx_word' id='word_1_199' title='bbox 220 2609 320 2662; x_wconf 84' lang='lat' dir='ltr'>leneue</span> <span class='ocrx_word' id='word_1_200' title='bbox 339 2606 460 2661; x_wconf 81' lang='lat' dir='ltr'>Flesche</span> <span class='ocrx_word' id='word_1_201' title='bbox 476 2623 620 2680; x_wconf 68' lang='lat' dir='ltr'>pepercere,</span> <span class='ocrx_word' id='word_1_202' title='bbox 639 2605 715 2660; x_wconf 75' lang='lat' dir='ltr'>dicae</span> <span class='ocrx_word' id='word_1_203' title='bbox 733 2604 821 2659; x_wconf 82' lang='lat' dir='ltr'>drercb</span> <span class='ocrx_word' id='word_1_204' title='bbox 841 2603 1045 2659; x_wconf 76' lang='lat' dir='ltr'>Hiereinetellea</span> <span class='ocrx_word' id='word_1_205' title='bbox 1064 2606 1092 2660; x_wconf 86' lang='lat' dir='ltr'>r&#39;n</span> <span class='ocrx_word' id='word_1_206' title='bbox 1121 2603 1248 2672; x_wconf 64' lang='lat' dir='ltr'>ietesscr,</span> <span class='ocrx_word' id='word_1_207' title='bbox 1268 2604 1377 2659; x_wconf 54' lang='lat' dir='ltr'>errectos</span> <span class='ocrx_word' id='word_1_208' title='bbox 1391 2601 1421 2655; x_wconf 71' lang='lat' dir='ltr'>bi·</span> 
     </span>
     <span class='ocr_line' id='line_1_27' title="bbox 221 2674 1421 2749; baseline -0.005 -17"><span class='ocrx_word' id='word_1_209' title='bbox 221 2697 256 2733; x_wconf 79' lang='lat' dir='ltr'>ru</span> <span class='ocrx_word' id='word_1_210' title='bbox 276 2679 362 2732; x_wconf 77' lang='lat' dir='ltr'>ciuem</span> <span class='ocrx_word' id='word_1_211' title='bbox 381 2678 504 2732; x_wconf 77' lang='lat' dir='ltr'>zeu’r&#39;mel</span> <span class='ocrx_word' id='word_1_212' title='bbox 522 2693 552 2731; x_wconf 78' lang='lat' dir='ltr'>se</span> <span class='ocrx_word' id='word_1_213' title='bbox 571 2676 660 2732; x_wconf 76' lang='lat' dir='ltr'>heleca</span> <span class='ocrx_word' id='word_1_214' title='bbox 683 2676 948 2749; x_wconf 68' lang='lat' dir='ltr'>Temperaturerede</span> <span class='ocrx_word' id='word_1_215' title='bbox 968 2675 1068 2729; x_wconf 78' lang='lat' dir='ltr'>crlrr‘tz!</span> <span class='ocrx_word' id='word_1_216' title='bbox 1087 2675 1173 2739; x_wconf 63' lang='lat' dir='ltr'>urire,</span> <span class='ocrx_word' id='word_1_217' title='bbox 1194 2676 1239 2729; x_wconf 74' lang='lat' dir='ltr'>alu</span> <span class='ocrx_word' id='word_1_218' title='bbox 1259 2677 1311 2729; x_wconf 76' lang='lat' dir='ltr'>ees</span> <span class='ocrx_word' id='word_1_219' title='bbox 1327 2674 1421 2727; x_wconf 70' lang='lat' dir='ltr'>iterur</span> 
     </span>
     <span class='ocr_line' id='line_1_28' title="bbox 218 2746 1420 2821; baseline -0.005 -19"><span class='ocrx_word' id='word_1_220' title='bbox 218 2748 375 2821; x_wconf 60' lang='lat' dir='ltr'>aeternalem</span> <span class='ocrx_word' id='word_1_221' title='bbox 399 2749 509 2803; x_wconf 75' lang='lat' dir='ltr'>werden</span> <span class='ocrx_word' id='word_1_222' title='bbox 528 2748 587 2813; x_wconf 82' lang='lat' dir='ltr'><em>soll,</em></span> <span class='ocrx_word' id='word_1_223' title='bbox 607 2755 742 2803; x_wconf 78' lang='lat' dir='ltr'>e’rreermt.</span> <span class='ocrx_word' id='word_1_224' title='bbox 779 2747 813 2801; x_wconf 85' lang='lat' dir='ltr'>Ia</span> <span class='ocrx_word' id='word_1_225' title='bbox 834 2747 887 2801; x_wconf 75' lang='lat' dir='ltr'>dere</span> <span class='ocrx_word' id='word_1_226' title='bbox 906 2746 1016 2800; x_wconf 75' lang='lat' dir='ltr'>Becher·</span> <span class='ocrx_word' id='word_1_227' title='bbox 1035 2748 1124 2819; x_wconf 68' lang='lat' dir='ltr'>pirent</span> <span class='ocrx_word' id='word_1_228' title='bbox 1148 2764 1211 2800; x_wconf 84' lang='lat' dir='ltr'>men</span> <span class='ocrx_word' id='word_1_229' title='bbox 1237 2764 1297 2799; x_wconf 77' lang='grc' dir='ltr'>ιιιιιι</span> <span class='ocrx_word' id='word_1_230' title='bbox 1321 2746 1357 2799; x_wconf 74' lang='lat' dir='ltr'>ea</span> <span class='ocrx_word' id='word_1_231' title='bbox 1374 2762 1420 2796; x_wconf 71' lang='lat' dir='ltr'>:rtur</span> 
     </span>
     <span class='ocr_line' id='line_1_29' title="bbox 219 2815 1421 2890; baseline -0.007 -16"><span class='ocrx_word' id='word_1_232' title='bbox 219 2827 311 2874; x_wconf 75' lang='grc' dir='ltr'>ειϊιιιι</span> <span class='ocrx_word' id='word_1_233' title='bbox 329 2818 493 2873; x_wconf 80' lang='lat' dir='ltr'>Tlrer&#39;lstricb</span> <span class='ocrx_word' id='word_1_234' title='bbox 512 2837 565 2874; x_wconf 82' lang='lat' dir='ltr'>een</span> <span class='ocrx_word' id='word_1_235' title='bbox 584 2818 642 2872; x_wconf 81' lang='lat' dir='ltr'>dem</span> <span class='ocrx_word' id='word_1_236' title='bbox 661 2820 689 2872; x_wconf 81' lang='lat' dir='ltr'>ia</span> <span class='ocrx_word' id='word_1_237' title='bbox 704 2818 754 2871; x_wconf 78' lang='lat' dir='ltr'>der</span> <span class='ocrx_word' id='word_1_238' title='bbox 764 2818 981 2890; x_wconf 64' lang='lat' dir='ltr'>percellerentur</span> <span class='ocrx_word' id='word_1_239' title='bbox 996 2816 1115 2871; x_wconf 79' lang='lat' dir='ltr'>Flesrbe</span> <span class='ocrx_word' id='word_1_240' title='bbox 1129 2827 1297 2872; x_wconf 75' lang='lat' dir='ltr'>creuermaur</span> <span class='ocrx_word' id='word_1_241' title='bbox 1320 2815 1421 2868; x_wconf 67' lang='lat' dir='ltr'>rubesco.</span> 
     </span>
     <span class='ocr_line' id='line_1_30' title="bbox 220 2882 1422 3013; baseline -0.008 -69"><span class='ocrx_word' id='word_1_242' title='bbox 220 2890 280 2944; x_wconf 73' lang='lat' dir='ltr'>reond</span> <span class='ocrx_word' id='word_1_243' title='bbox 296 2890 372 3013; x_wconf 69' lang='lat' dir='ltr'>dudm</span> <span class='ocrx_word' id='word_1_244' title='bbox 392 2890 433 3013; x_wconf 48' lang='lat' dir='ltr'>bii</span> <span class='ocrx_word' id='word_1_245' title='bbox 450 2907 511 2944; x_wconf 77' lang='lat' dir='ltr'>ram</span> <span class='ocrx_word' id='word_1_246' title='bbox 535 2891 649 2945; x_wconf 73' lang='lat' dir='ltr'>areeitce</span> <span class='ocrx_word' id='word_1_247' title='bbox 681 2888 843 2945; x_wconf 69' lang='lat' dir='ltr'>Iber&#39;lrtrueb</span> <span class='ocrx_word' id='word_1_248' title='bbox 867 2906 919 2942; x_wconf 81' lang='grc' dir='ltr'>αιιι·</span> <span class='ocrx_word' id='word_1_249' title='bbox 943 2888 994 2942; x_wconf 82' lang='lat' dir='ltr'>der</span> <span class='ocrx_word' id='word_1_250' title='bbox 1019 2887 1137 2943; x_wconf 79' lang='lat' dir='ltr'>Flescbe</span> <span class='ocrx_word' id='word_1_251' title='bbox 1161 2886 1204 2957; x_wconf 80' lang='lat' dir='ltr'>II,</span> <span class='ocrx_word' id='word_1_252' title='bbox 1229 2882 1422 2942; x_wconf 66' lang='lat' dir='ltr'>erebresceret!</span> 
     </span>
     <span class='ocr_line' id='line_1_31' title="bbox 220 2962 476 3015; baseline -0.012 0"><span class='ocrx_word' id='word_1_253' title='bbox 220 2979 263 3015; x_wconf 83' lang='lat' dir='ltr'>nm</span> <span class='ocrx_word' id='word_1_254' title='bbox 283 2977 320 3013; x_wconf 82' lang='lat' dir='ltr'>aa</span> <span class='ocrx_word' id='word_1_255' title='bbox 359 2962 413 3014; x_wconf 77' lang='lat' dir='ltr'>tria</span> <span class='ocrx_word' id='word_1_256' title='bbox 431 2962 476 3012; x_wconf 82' lang='lat' dir='ltr'>·l.“</span> 
     </span>
    </p>

    <p class='ocr_par' dir='ltr' id='par_1_9' title="bbox 118 3026 1421 3379">
     <span class='ocr_line' id='line_1_32' title="bbox 243 3026 1421 3095; baseline -0.008 -12"><span class='ocrx_word' id='word_1_257' title='bbox 243 3036 286 3083; x_wconf 81' lang='lat' dir='ltr'>An</span> <span class='ocrx_word' id='word_1_258' title='bbox 305 3035 351 3084; x_wconf 87' lang='lat' dir='ltr'>der</span> <span class='ocrx_word' id='word_1_259' title='bbox 370 3035 462 3095; x_wconf 83' lang='lat' dir='ltr'>Qualia</span> <span class='ocrx_word' id='word_1_260' title='bbox 480 3035 516 3088; x_wconf 83' lang='lat' dir='ltr'>int</span> <span class='ocrx_word' id='word_1_261' title='bbox 534 3035 575 3083; x_wconf 89' lang='lat' dir='ltr'>die</span> <span class='ocrx_word' id='word_1_262' title='bbox 594 3034 770 3095; x_wconf 84' lang='lat' dir='ltr'>Temperatur</span> <span class='ocrx_word' id='word_1_263' title='bbox 789 3034 835 3083; x_wconf 82' lang='lat' dir='ltr'>dee</span> <span class='ocrx_word' id='word_1_264' title='bbox 864 3032 952 3082; x_wconf 86' lang='lat' dir='ltr'>Ther</span> <span class='ocrx_word' id='word_1_265' title='bbox 964 3032 1233 3083; x_wconf 81' lang='lat' dir='ltr'>eeionwaesern</span> <span class='ocrx_word' id='word_1_266' title='bbox 1263 3029 1347 3081; x_wconf 80' lang='lat' dir='ltr'>50¹¹G.</span> <span class='ocrx_word' id='word_1_267' title='bbox 1371 3026 1421 3076; x_wconf 77' lang='lat' dir='ltr'>eder</span> 
     </span>
     <span class='ocr_line' id='line_1_33' title="bbox 120 3096 1420 3167; baseline -0.006 -12"><span class='ocrx_word' id='word_1_268' title='bbox 120 3104 466 3167; x_wconf 61' lang='lat' dir='ltr'>110⁰R.‚unomantrinkt</span> <span class='ocrx_word' id='word_1_269' title='bbox 495 3119 523 3156; x_wconf 82' lang='lat' dir='ltr'>en</span> <span class='ocrx_word' id='word_1_270' title='bbox 552 3102 717 3166; x_wconf 80' lang='lat' dir='ltr'>gewbhnlich</span> <span class='ocrx_word' id='word_1_271' title='bbox 745 3117 797 3153; x_wconf 87' lang='lat' dir='ltr'>von</span> <span class='ocrx_word' id='word_1_272' title='bbox 825 3104 898 3153; x_wconf 85' lang='lat' dir='ltr'>einer</span> <span class='ocrx_word' id='word_1_273' title='bbox 921 3102 1096 3163; x_wconf 83' lang='lat' dir='ltr'>Temperatur</span> <span class='ocrx_word' id='word_1_274' title='bbox 1123 3101 1258 3152; x_wconf 80' lang='lat' dir='ltr'>zwischen</span> <span class='ocrx_word' id='word_1_275' title='bbox 1284 3096 1420 3151; x_wconf 45' lang='lat' dir='ltr'>tto-tois.</span> 
     </span>
     <span class='ocr_line' id='line_1_34' title="bbox 118 3169 1420 3227; baseline -0.005 -1"><span class='ocrx_word' id='word_1_276' title='bbox 118 3179 182 3227; x_wconf 87' lang='lat' dir='ltr'>odor</span> <span class='ocrx_word' id='word_1_277' title='bbox 201 3175 350 3226; x_wconf 63' lang='lat' dir='ltr'>:tt-teuit.</span> <span class='ocrx_word' id='word_1_278' title='bbox 387 3176 424 3224; x_wconf 85' lang='lat' dir='ltr'>Ee</span> <span class='ocrx_word' id='word_1_279' title='bbox 442 3174 514 3227; x_wconf 73' lang='lat' dir='ltr'>urire</span> <span class='ocrx_word' id='word_1_280' title='bbox 532 3176 589 3225; x_wconf 87' lang='lat' dir='ltr'>also</span> <span class='ocrx_word' id='word_1_281' title='bbox 615 3176 664 3225; x_wconf 84' lang='lat' dir='ltr'>dau</span> <span class='ocrx_word' id='word_1_282' title='bbox 682 3175 791 3225; x_wconf 84' lang='lat' dir='ltr'>Waseor</span> <span class='ocrx_word' id='word_1_283' title='bbox 818 3187 866 3223; x_wconf 84' lang='lat' dir='ltr'>ans</span> <span class='ocrx_word' id='word_1_284' title='bbox 889 3174 937 3224; x_wconf 86' lang='lat' dir='ltr'>der</span> <span class='ocrx_word' id='word_1_285' title='bbox 960 3174 1102 3223; x_wconf 83' lang='lat' dir='ltr'>Tlaechel</span> <span class='ocrx_word' id='word_1_286' title='bbox 1131 3172 1172 3222; x_wconf 80' lang='lat' dir='ltr'>hin</span> <span class='ocrx_word' id='word_1_287' title='bbox 1199 3174 1249 3222; x_wconf 85' lang='lat' dir='ltr'>aui</span> <span class='ocrx_word' id='word_1_288' title='bbox 1275 3171 1355 3222; x_wconf 64' lang='lat'>90⁰0.</span> <span class='ocrx_word' id='word_1_289' title='bbox 1372 3169 1420 3218; x_wconf 77' lang='lat' dir='ltr'>edu</span> 
     </span>
     <span class='ocr_line' id='line_1_35' title="bbox 120 3242 1419 3307; baseline -0.008 -12"><span class='ocrx_word' id='word_1_290' title='bbox 120 3248 206 3298; x_wconf 73' lang='lat' dir='ltr'>tavit.</span> <span class='ocrx_word' id='word_1_291' title='bbox 225 3261 257 3296; x_wconf 88' lang='lat' dir='ltr'>zu</span> <span class='ocrx_word' id='word_1_292' title='bbox 276 3245 431 3297; x_wconf 77' lang='lat' dir='ltr'>orwtrmon.</span> <span class='ocrx_word' id='word_1_293' title='bbox 467 3245 681 3307; x_wconf 75' lang='lat' dir='ltr'>abundarungen</span> <span class='ocrx_word' id='word_1_294' title='bbox 710 3246 737 3296; x_wconf 93' lang='lat' dir='ltr'>in</span> <span class='ocrx_word' id='word_1_295' title='bbox 755 3246 803 3295; x_wconf 91' lang='lat' dir='ltr'>der</span> <span class='ocrx_word' id='word_1_296' title='bbox 820 3244 996 3306; x_wconf 87' lang='lat' dir='ltr'>Temperatur</span> <span class='ocrx_word' id='word_1_297' title='bbox 1021 3244 1084 3293; x_wconf 88' lang='lat' dir='ltr'>oder</span> <span class='ocrx_word' id='word_1_298' title='bbox 1104 3244 1212 3293; x_wconf 86' lang='lat' dir='ltr'>weitere</span> <span class='ocrx_word' id='word_1_299' title='bbox 1231 3242 1419 3299; x_wconf 75' lang='lat' dir='ltr'>aniachunper</span> 
     </span>
     <span class='ocr_line' id='line_1_36' title="bbox 118 3313 1316 3379; baseline -0.002 -12"><span class='ocrx_word' id='word_1_300' title='bbox 118 3331 168 3367; x_wconf 87' lang='lat' dir='ltr'>von</span> <span class='ocrx_word' id='word_1_301' title='bbox 187 3316 396 3379; x_wconf 74' lang='lat' dir='ltr'>goiobhnliehem</span> <span class='ocrx_word' id='word_1_302' title='bbox 417 3319 526 3368; x_wconf 82' lang='lat' dir='ltr'>Waeser</span> <span class='ocrx_word' id='word_1_303' title='bbox 544 3314 651 3368; x_wconf 89' lang='lat' dir='ltr'>hleiben</span> <span class='ocrx_word' id='word_1_304' title='bbox 671 3317 721 3366; x_wconf 88' lang='lat' dir='ltr'>den</span> <span class='ocrx_word' id='word_1_305' title='bbox 740 3317 948 3375; x_wconf 75' lang='lat' dir='ltr'>Verordnnngen</span> <span class='ocrx_word' id='word_1_306' title='bbox 969 3316 1015 3366; x_wconf 87' lang='lat' dir='ltr'>dee</span> <span class='ocrx_word' id='word_1_307' title='bbox 1034 3313 1129 3364; x_wconf 74' lang='lat' dir='ltr'>Aretes</span> <span class='ocrx_word' id='word_1_308' title='bbox 1148 3313 1316 3365; x_wconf 78' lang='lat' dir='ltr'>riberlassen.</span> 
     </span>
    </p>

    <p class='ocr_par' dir='ltr' id='par_1_10' title="bbox 114 3381 1419 3734">
     <span class='ocr_line' id='line_1_37' title="bbox 239 3381 1419 3448; baseline -0.004 -11"><span class='ocrx_word' id='word_1_309' title='bbox 239 3389 302 3439; x_wconf 85' lang='lat' dir='ltr'>Man</span> <span class='ocrx_word' id='word_1_310' title='bbox 321 3389 368 3438; x_wconf 85' lang='lat' dir='ltr'>hat</span> <span class='ocrx_word' id='word_1_311' title='bbox 388 3388 455 3439; x_wconf 89' lang='lat' dir='ltr'>aueh</span> <span class='ocrx_word' id='word_1_312' title='bbox 474 3388 545 3437; x_wconf 80' lang='lat' dir='ltr'>wohl</span> <span class='ocrx_word' id='word_1_313' title='bbox 563 3388 591 3438; x_wconf 89' lang='lat' dir='ltr'>in</span> <span class='ocrx_word' id='word_1_314' title='bbox 609 3387 655 3437; x_wconf 89' lang='lat' dir='ltr'>der</span> <span class='ocrx_word' id='word_1_315' title='bbox 675 3387 837 3448; x_wconf 75' lang='lat' dir='ltr'>Anu&#39;eianng</span> <span class='ocrx_word' id='word_1_316' title='bbox 857 3387 954 3437; x_wconf 81' lang='lat' dir='ltr'>darauf</span> <span class='ocrx_word' id='word_1_317' title='bbox 972 3386 1149 3435; x_wconf 81' lang='lat' dir='ltr'>animerknam</span> <span class='ocrx_word' id='word_1_318' title='bbox 1168 3399 1202 3434; x_wconf 88' lang='lat' dir='ltr'>zu</span> <span class='ocrx_word' id='word_1_319' title='bbox 1221 3385 1346 3447; x_wconf 80' lang='lat' dir='ltr'>macheu,</span> <span class='ocrx_word' id='word_1_320' title='bbox 1374 3381 1419 3428; x_wconf 69' lang='lat' dir='ltr'>dre</span> 
     </span>
     <span class='ocr_line' id='line_1_38' title="bbox 116 3452 1414 3520; baseline -0.005 -11"><span class='ocrx_word' id='word_1_321' title='bbox 116 3471 176 3510; x_wconf 86' lang='lat' dir='ltr'>man</span> <span class='ocrx_word' id='word_1_322' title='bbox 195 3460 237 3508; x_wconf 88' lang='lat' dir='ltr'>die</span> <span class='ocrx_word' id='word_1_323' title='bbox 261 3459 448 3520; x_wconf 84' lang='lat' dir='ltr'>porcellanene</span> <span class='ocrx_word' id='word_1_324' title='bbox 467 3459 581 3509; x_wconf 85' lang='lat' dir='ltr'>Flaeehc</span> <span class='ocrx_word' id='word_1_325' title='bbox 600 3457 672 3507; x_wconf 85' lang='lat' dir='ltr'>nieht</span> <span class='ocrx_word' id='word_1_326' title='bbox 690 3457 813 3518; x_wconf 83' lang='lat' dir='ltr'>plbtzlieh</span> <span class='ocrx_word' id='word_1_327' title='bbox 841 3456 867 3505; x_wconf 89' lang='lat' dir='ltr'>in</span> <span class='ocrx_word' id='word_1_328' title='bbox 895 3457 995 3508; x_wconf 83' lang='lat' dir='ltr'>heiseee</span> <span class='ocrx_word' id='word_1_329' title='bbox 1014 3455 1126 3506; x_wconf 83' lang='lat' dir='ltr'>Waaeer</span> <span class='ocrx_word' id='word_1_330' title='bbox 1149 3456 1246 3516; x_wconf 78' lang='lat' dir='ltr'>steila,</span> <span class='ocrx_word' id='word_1_331' title='bbox 1265 3456 1372 3505; x_wconf 81' lang='lat' dir='ltr'>condem</span> <span class='ocrx_word' id='word_1_332' title='bbox 1389 3452 1414 3497; x_wconf 68' lang='lat' dir='ltr'>dt</span> 
     </span>
     <span class='ocr_line' id='line_1_39' title="bbox 116 3522 1419 3591; baseline -0.011 -11"><span class='ocrx_word' id='word_1_333' title='bbox 116 3529 294 3591; x_wconf 77' lang='lat' dir='ltr'>nrwtrmung</span> <span class='ocrx_word' id='word_1_334' title='bbox 314 3531 359 3580; x_wconf 85' lang='lat' dir='ltr'>des</span> <span class='ocrx_word' id='word_1_335' title='bbox 379 3531 572 3580; x_wconf 84' lang='lat' dir='ltr'>Waeoerbadce</span> <span class='ocrx_word' id='word_1_336' title='bbox 591 3528 742 3579; x_wconf 79' lang='lat' dir='ltr'>allma&#39;hiich</span> <span class='ocrx_word' id='word_1_337' title='bbox 762 3528 887 3579; x_wconf 81' lang='lat' dir='ltr'>aucfihre</span> <span class='ocrx_word' id='word_1_338' title='bbox 907 3530 970 3579; x_wconf 86' lang='lat' dir='ltr'>oder</span> <span class='ocrx_word' id='word_1_339' title='bbox 995 3528 1156 3587; x_wconf 73' lang='lat' dir='ltr'>uvenigatene</span> <span class='ocrx_word' id='word_1_340' title='bbox 1184 3525 1253 3575; x_wconf 84' lang='lat' dir='ltr'>doeh</span> <span class='ocrx_word' id='word_1_341' title='bbox 1278 3526 1321 3575; x_wconf 76' lang='lat' dir='ltr'>die</span> <span class='ocrx_word' id='word_1_342' title='bbox 1344 3522 1419 3572; x_wconf 74' lang='lat' dir='ltr'>roth-r</span> 
     </span>
     <span class='ocr_line' id='line_1_40' title="bbox 115 3595 1411 3662; baseline -0.008 -13"><span class='ocrx_word' id='word_1_343' title='bbox 115 3602 258 3652; x_wconf 65' lang='lat' dir='ltr'>eravirmte</span> <span class='ocrx_word' id='word_1_344' title='bbox 276 3601 389 3651; x_wconf 83' lang='lat' dir='ltr'>Fiaeche</span> <span class='ocrx_word' id='word_1_345' title='bbox 409 3602 434 3650; x_wconf 89' lang='lat' dir='ltr'>in</span> <span class='ocrx_word' id='word_1_346' title='bbox 454 3602 503 3651; x_wconf 85' lang='lat' dir='ltr'>dae</span> <span class='ocrx_word' id='word_1_347' title='bbox 523 3613 621 3650; x_wconf 78' lang='lat' dir='ltr'>warme</span> <span class='ocrx_word' id='word_1_348' title='bbox 639 3602 748 3650; x_wconf 72' lang='lat' dir='ltr'>ti&#39;asser</span> <span class='ocrx_word' id='word_1_349' title='bbox 767 3600 858 3662; x_wconf 83' lang='lat' dir='ltr'>stelle,</span> <span class='ocrx_word' id='word_1_350' title='bbox 878 3600 932 3649; x_wconf 90' lang='lat' dir='ltr'>und</span> <span class='ocrx_word' id='word_1_351' title='bbox 951 3600 1023 3650; x_wconf 80' lang='lat' dir='ltr'>diere</span> <span class='ocrx_word' id='word_1_352' title='bbox 1047 3597 1116 3648; x_wconf 87' lang='lat' dir='ltr'>auch</span> <span class='ocrx_word' id='word_1_353' title='bbox 1143 3595 1332 3647; x_wconf 80' lang='lat' dir='ltr'>oberssichlieh</span> <span class='ocrx_word' id='word_1_354' title='bbox 1359 3607 1411 3645; x_wconf 75' lang='lat' dir='ltr'>rna¹</span> 
     </span>
     <span class='ocr_line' id='line_1_41' title="bbox 114 3671 312 3734; baseline 0.015 -13"><span class='ocrx_word' id='word_1_355' title='bbox 114 3672 213 3734; x_wconf 82' lang='lat' dir='ltr'>piropit</span> <span class='ocrx_word' id='word_1_356' title='bbox 231 3671 312 3723; x_wconf 81' lang='lat' dir='ltr'>hatte.</span> 
     </span>
    </p>

    <p class='ocr_par' dir='ltr' id='par_1_11' title="bbox 114 3731 1419 4229">
     <span class='ocr_line' id='line_1_42' title="bbox 242 3731 1418 3803; baseline -0.009 -11"><span class='ocrx_word' id='word_1_357' title='bbox 242 3742 319 3792; x_wconf 86' lang='lat' dir='ltr'>Auch</span> <span class='ocrx_word' id='word_1_358' title='bbox 338 3743 372 3792; x_wconf 83' lang='lat' dir='ltr'>int</span> <span class='ocrx_word' id='word_1_359' title='bbox 390 3755 418 3792; x_wconf 83' lang='lat' dir='ltr'>ea</span> <span class='ocrx_word' id='word_1_360' title='bbox 437 3744 491 3803; x_wconf 79' lang='lat' dir='ltr'>gut,</span> <span class='ocrx_word' id='word_1_361' title='bbox 521 3741 563 3792; x_wconf 87' lang='lat' dir='ltr'>die</span> <span class='ocrx_word' id='word_1_362' title='bbox 590 3754 621 3790; x_wconf 83' lang='lat' dir='ltr'>nn</span> <span class='ocrx_word' id='word_1_363' title='bbox 640 3738 839 3791; x_wconf 85' lang='lat' dir='ltr'>vermieohcnde</span> <span class='ocrx_word' id='word_1_364' title='bbox 866 3740 960 3800; x_wconf 76' lang='lat' dir='ltr'>Menae</span> <span class='ocrx_word' id='word_1_365' title='bbox 988 3740 1034 3789; x_wconf 84' lang='lat' dir='ltr'>dea</span> <span class='ocrx_word' id='word_1_366' title='bbox 1063 3737 1189 3788; x_wconf 73' lang='lat' dir='ltr'>ii&#39;aeeera</span> <span class='ocrx_word' id='word_1_367' title='bbox 1218 3750 1267 3788; x_wconf 74' lang='lat' dir='ltr'>auus</span> <span class='ocrx_word' id='word_1_368' title='bbox 1286 3735 1387 3788; x_wconf 79' lang='lat' dir='ltr'>Flasehe</span> <span class='ocrx_word' id='word_1_369' title='bbox 1402 3731 1418 3779; x_wconf 86' lang='lat' dir='ltr'>li</span> 
     </span>
     <span class='ocr_line' id='line_1_43' title="bbox 118 3808 1418 3875; baseline -0.008 -11"><span class='ocrx_word' id='word_1_370' title='bbox 118 3815 199 3864; x_wconf 83' lang='lat' dir='ltr'>achon</span> <span class='ocrx_word' id='word_1_371' title='bbox 218 3815 315 3863; x_wconf 88' lang='lat' dir='ltr'>vorher</span> <span class='ocrx_word' id='word_1_372' title='bbox 334 3814 515 3875; x_wconf 83' lang='lat' dir='ltr'>abzumeeeen,</span> <span class='ocrx_word' id='word_1_373' title='bbox 536 3812 595 3863; x_wconf 85' lang='lat' dir='ltr'>weil</span> <span class='ocrx_word' id='word_1_374' title='bbox 614 3812 683 3861; x_wconf 86' lang='lat' dir='ltr'>heim</span> <span class='ocrx_word' id='word_1_375' title='bbox 702 3808 908 3861; x_wconf 85' lang='lat' dir='ltr'>unmittelharen</span> <span class='ocrx_word' id='word_1_376' title='bbox 928 3810 1045 3860; x_wconf 84' lang='lat' dir='ltr'>ilinchen</span> <span class='ocrx_word' id='word_1_377' title='bbox 1064 3810 1099 3858; x_wconf 92' lang='lat' dir='ltr'>im</span> <span class='ocrx_word' id='word_1_378' title='bbox 1119 3809 1305 3858; x_wconf 83' lang='lat' dir='ltr'>Trinkhecher</span> <span class='ocrx_word' id='word_1_379' title='bbox 1324 3810 1361 3857; x_wconf 81' lang='lat' dir='ltr'>dia</span> <span class='ocrx_word' id='word_1_380' title='bbox 1376 3814 1418 3854; x_wconf 77' lang='lat' dir='ltr'>en:-</span> 
     </span>
     <span class='ocr_line' id='line_1_44' title="bbox 118 3878 1418 3941; baseline -0.004 -9"><span class='ocrx_word' id='word_1_381' title='bbox 118 3885 270 3936; x_wconf 88' lang='lat' dir='ltr'>weichende</span> <span class='ocrx_word' id='word_1_382' title='bbox 288 3883 472 3935; x_wconf 72' lang='lat' dir='ltr'>Kohlenebure</span> <span class='ocrx_word' id='word_1_383' title='bbox 502 3884 555 3933; x_wconf 87' lang='lat' dir='ltr'>und</span> <span class='ocrx_word' id='word_1_384' title='bbox 583 3883 631 3934; x_wconf 88' lang='lat' dir='ltr'>der</span> <span class='ocrx_word' id='word_1_385' title='bbox 650 3880 751 3941; x_wconf 82' lang='lat' dir='ltr'>Dampi</span> <span class='ocrx_word' id='word_1_386' title='bbox 776 3881 823 3929; x_wconf 84' lang='lat' dir='ltr'>dee</span> <span class='ocrx_word' id='word_1_387' title='bbox 851 3880 1009 3932; x_wconf 81' lang='lat' dir='ltr'>erwitrmten</span> <span class='ocrx_word' id='word_1_388' title='bbox 1028 3882 1152 3931; x_wconf 82' lang='lat' dir='ltr'>Waracra</span> <span class='ocrx_word' id='word_1_389' title='bbox 1180 3879 1231 3928; x_wconf 73' lang='lat' dir='ltr'>daie</span> <span class='ocrx_word' id='word_1_390' title='bbox 1259 3880 1361 3929; x_wconf 81' lang='lat' dir='ltr'>Treh&#39;en</span> <span class='ocrx_word' id='word_1_391' title='bbox 1385 3878 1418 3922; x_wconf 72' lang='lat' dir='ltr'>it:</span> 
     </span>
     <span class='ocr_line' id='line_1_45' title="bbox 115 3946 1419 4015; baseline -0.012 -10"><span class='ocrx_word' id='word_1_392' title='bbox 115 3956 244 4015; x_wconf 75' lang='lat' dir='ltr'>richtigen</span> <span class='ocrx_word' id='word_1_393' title='bbox 264 3956 383 4004; x_wconf 83' lang='lat' dir='ltr'>hiaasees</span> <span class='ocrx_word' id='word_1_394' title='bbox 412 3954 585 4005; x_wconf 83' lang='lat' dir='ltr'>erechweren.</span> <span class='ocrx_word' id='word_1_395' title='bbox 622 3952 678 4002; x_wconf 79' lang='lat' dir='ltr'>hue</span> <span class='ocrx_word' id='word_1_396' title='bbox 705 3953 804 4000; x_wconf 86' lang='lat' dir='ltr'>diesem</span> <span class='ocrx_word' id='word_1_397' title='bbox 823 3952 930 4002; x_wconf 84' lang='lat' dir='ltr'>Grande</span> <span class='ocrx_word' id='word_1_398' title='bbox 958 3952 993 4001; x_wconf 84' lang='lat' dir='ltr'>int</span> <span class='ocrx_word' id='word_1_399' title='bbox 1020 3964 1048 4001; x_wconf 84' lang='lat' dir='ltr'>ee</span> <span class='ocrx_word' id='word_1_400' title='bbox 1067 3953 1115 4009; x_wconf 68' lang='lat' dir='ltr'>gut</span> <span class='ocrx_word' id='word_1_401' title='bbox 1144 3951 1280 4000; x_wconf 81' lang='lat' dir='ltr'>cntweder</span> <span class='ocrx_word' id='word_1_402' title='bbox 1306 3946 1419 3999; x_wconf 64' lang='lat' dir='ltr'>thither</span> 
     </span>
     <span class='ocr_line' id='line_1_46' title="bbox 116 4016 1419 4087; baseline -0.01 -12"><span class='ocrx_word' id='word_1_403' title='bbox 116 4027 286 4087; x_wconf 73' lang='lat' dir='ltr'>heizugehem</span> <span class='ocrx_word' id='word_1_404' title='bbox 306 4025 370 4075; x_wconf 87' lang='lat' dir='ltr'>oder</span> <span class='ocrx_word' id='word_1_405' title='bbox 389 4026 474 4075; x_wconf 86' lang='lat' dir='ltr'>nehen</span> <span class='ocrx_word' id='word_1_406' title='bbox 494 4024 552 4073; x_wconf 87' lang='lat' dir='ltr'>dem</span> <span class='ocrx_word' id='word_1_407' title='bbox 573 4025 649 4074; x_wconf 86' lang='lat' dir='ltr'>einen</span> <span class='ocrx_word' id='word_1_408' title='bbox 668 4022 770 4072; x_wconf 87' lang='lat' dir='ltr'>Becher</span> <span class='ocrx_word' id='word_1_409' title='bbox 789 4024 854 4072; x_wconf 87' lang='lat' dir='ltr'>noch</span> <span class='ocrx_word' id='word_1_410' title='bbox 875 4024 917 4071; x_wconf 90' lang='lat' dir='ltr'>ein</span> <span class='ocrx_word' id='word_1_411' title='bbox 942 4020 1121 4082; x_wconf 73' lang='lat' dir='ltr'>maosageruss</span> <span class='ocrx_word' id='word_1_412' title='bbox 1146 4034 1195 4070; x_wconf 84' lang='lat' dir='ltr'>aus</span> <span class='ocrx_word' id='word_1_413' title='bbox 1222 4020 1303 4081; x_wconf 76' lang='lat' dir='ltr'>(ilas,</span> <span class='ocrx_word' id='word_1_414' title='bbox 1327 4016 1419 4069; x_wconf 66' lang='lat' dir='ltr'>welches</span> 
     </span>
     <span class='ocr_line' id='line_1_47' title="bbox 116 4086 1417 4155; baseline -0.006 -11"><span class='ocrx_word' id='word_1_415' title='bbox 116 4096 157 4145; x_wconf 82' lang='lat' dir='ltr'>bie</span> <span class='ocrx_word' id='word_1_416' title='bbox 176 4110 207 4146; x_wconf 86' lang='lat' dir='ltr'>zu</span> <span class='ocrx_word' id='word_1_417' title='bbox 228 4097 300 4147; x_wconf 89' lang='lat' dir='ltr'>einer</span> <span class='ocrx_word' id='word_1_418' title='bbox 317 4096 488 4147; x_wconf 77' lang='lat' dir='ltr'>bestimmten</span> <span class='ocrx_word' id='word_1_419' title='bbox 509 4094 585 4145; x_wconf 82' lang='lat' dir='ltr'>the</span> <span class='ocrx_word' id='word_1_420' title='bbox 604 4094 723 4155; x_wconf 79' lang='lat' dir='ltr'>zngleich</span> <span class='ocrx_word' id='word_1_421' title='bbox 742 4094 782 4142; x_wconf 82' lang='lat' dir='ltr'>ain</span> <span class='ocrx_word' id='word_1_422' title='bbox 801 4094 842 4143; x_wconf 87' lang='lat' dir='ltr'>ein</span> <span class='ocrx_word' id='word_1_423' title='bbox 861 4094 936 4143; x_wconf 79' lang='lat' dir='ltr'>Maus</span> <span class='ocrx_word' id='word_1_424' title='bbox 954 4092 995 4142; x_wconf 76' lang='lat' dir='ltr'>fiir</span> <span class='ocrx_word' id='word_1_425' title='bbox 1013 4093 1072 4143; x_wconf 87' lang='lat' dir='ltr'>eino</span> <span class='ocrx_word' id='word_1_426' title='bbox 1091 4091 1256 4153; x_wconf 75' lang='lat' dir='ltr'>Abtheiiung</span> <span class='ocrx_word' id='word_1_427' title='bbox 1275 4093 1323 4143; x_wconf 82' lang='lat' dir='ltr'>den</span> <span class='ocrx_word' id='word_1_428' title='bbox 1342 4086 1417 4140; x_wconf 79' lang='lat' dir='ltr'>Trini-</span> 
     </span>
     <span class='ocr_line' id='line_1_48' title="bbox 114 4165 300 4229; baseline -0.005 -12"><span class='ocrx_word' id='word_1_429' title='bbox 114 4165 224 4219; x_wconf 83' lang='lat' dir='ltr'>bochem</span> <span class='ocrx_word' id='word_1_430' title='bbox 243 4168 300 4229; x_wconf 83' lang='lat' dir='ltr'>gilt.</span> 
     </span>
    </p>
   </div>
   <div class='ocr_carea' id='block_1_7' title="bbox 236 4287 825 4342">
    <p class='ocr_par' dir='ltr' id='par_1_12' title="bbox 236 4287 825 4342">
     <span class='ocr_line' id='line_1_49' title="bbox 236 4287 825 4342; baseline -0.003 -2"><span class='ocrx_word' id='word_1_431' title='bbox 236 4291 286 4342; x_wconf 90' lang='lat' dir='ltr'>Die</span> <span class='ocrx_word' id='word_1_432' title='bbox 308 4289 477 4342; x_wconf 81' lang='lat' dir='ltr'>hirnetlichen</span> <span class='ocrx_word' id='word_1_433' title='bbox 496 4287 825 4340; x_wconf 75' lang='lat' dir='ltr'>Schwofelwr&#39;useer</span> 
     </span>
    </p>
   </div>
   <div class='ocr_carea' id='block_1_8' title="bbox 116 4352 1418 4575">
    <p class='ocr_par' dir='ltr' id='par_1_13' title="bbox 116 4352 1418 4575">
     <span class='ocr_line' id='line_1_50' title="bbox 384 4352 1406 4448; baseline -0.006 -22"><span class='ocrx_word' id='word_1_434' title='bbox 384 4358 507 4448; x_wconf 76' lang='lat' dir='ltr'>(Aquae</span> <span class='ocrx_word' id='word_1_435' title='bbox 531 4357 707 4427; x_wconf 83' lang='lat' dir='ltr'>mineraies</span> <span class='ocrx_word' id='word_1_436' title='bbox 731 4354 913 4428; x_wconf 80' lang='lat' dir='ltr'>sulfuratao</span> <span class='ocrx_word' id='word_1_437' title='bbox 936 4357 1006 4425; x_wconf 87' lang='lat' dir='ltr'>arte</span> <span class='ocrx_word' id='word_1_438' title='bbox 1029 4352 1166 4440; x_wconf 75' lang='lat' dir='ltr'>faama),</span> <span class='ocrx_word' id='word_1_439' title='bbox 1402 4438 1406 4445; x_wconf 21' lang='lat'><strong><em>³</em></strong></span> 
     </span>
     <span class='ocr_line' id='line_1_51' title="bbox 116 4438 1418 4509; baseline -0.008 -14"><span class='ocrx_word' id='word_1_440' title='bbox 116 4448 261 4497; x_wconf 78' lang='lat' dir='ltr'>berenhem</span> <span class='ocrx_word' id='word_1_441' title='bbox 279 4447 329 4509; x_wconf 82' lang='lat' dir='ltr'>die,</span> <span class='ocrx_word' id='word_1_442' title='bbox 351 4448 451 4499; x_wconf 86' lang='lat' dir='ltr'>welche</span> <span class='ocrx_word' id='word_1_443' title='bbox 471 4444 654 4497; x_wconf 76' lang='lat' dir='ltr'>Kohlcneiure</span> <span class='ocrx_word' id='word_1_444' title='bbox 672 4447 823 4509; x_wconf 85' lang='lat' dir='ltr'>enthalten‚</span> <span class='ocrx_word' id='word_1_445' title='bbox 853 4444 936 4506; x_wconf 79' lang='lat' dir='ltr'>pflegt</span> <span class='ocrx_word' id='word_1_446' title='bbox 953 4456 1015 4493; x_wconf 83' lang='lat' dir='ltr'>man</span> <span class='ocrx_word' id='word_1_447' title='bbox 1032 4443 1059 4493; x_wconf 92' lang='lat' dir='ltr'>in</span> <span class='ocrx_word' id='word_1_448' title='bbox 1078 4441 1216 4495; x_wconf 75' lang='lat' dir='ltr'>iihnlichor</span> <span class='ocrx_word' id='word_1_449' title='bbox 1236 4446 1303 4505; x_wconf 81' lang='lat' dir='ltr'>Art,</span> <span class='ocrx_word' id='word_1_450' title='bbox 1330 4442 1372 4491; x_wconf 73' lang='lat' dir='ltr'>wie</span> <span class='ocrx_word' id='word_1_451' title='bbox 1387 4438 1418 4485; x_wconf 77' lang='lat' dir='ltr'>dn</span> 
     </span>
     <span class='ocr_line' id='line_1_52' title="bbox 117 4511 1416 4575; baseline -0.008 -9"><span class='ocrx_word' id='word_1_452' title='bbox 117 4530 198 4568; x_wconf 75' lang='lat' dir='ltr'>ovarm</span> <span class='ocrx_word' id='word_1_453' title='bbox 217 4531 249 4568; x_wconf 79' lang='lat' dir='ltr'>ru</span> <span class='ocrx_word' id='word_1_454' title='bbox 269 4519 426 4569; x_wconf 85' lang='lat' dir='ltr'>trinkenden</span> <span class='ocrx_word' id='word_1_455' title='bbox 452 4517 618 4569; x_wconf 80' lang='lat' dir='ltr'>kinetliohen</span> <span class='ocrx_word' id='word_1_456' title='bbox 646 4515 756 4570; x_wconf 73' lang='lat' dir='ltr'>Wiener</span> <span class='ocrx_word' id='word_1_457' title='bbox 783 4531 814 4567; x_wconf 82' lang='lat' dir='ltr'>zu</span> <span class='ocrx_word' id='word_1_458' title='bbox 841 4514 1040 4575; x_wconf 53' lang='lat' dir='ltr'>irerabreichom</span> <span class='ocrx_word' id='word_1_459' title='bbox 1064 4514 1163 4574; x_wconf 80' lang='lat' dir='ltr'>jedeon</span> <span class='ocrx_word' id='word_1_460' title='bbox 1190 4511 1241 4566; x_wconf 88' lang='lat' dir='ltr'>mit</span> <span class='ocrx_word' id='word_1_461' title='bbox 1265 4514 1323 4567; x_wconf 87' lang='lat' dir='ltr'>dem</span> <span class='ocrx_word' id='word_1_462' title='bbox 1341 4513 1416 4564; x_wconf 72' lang='lat' dir='ltr'>tuter·</span> 
     </span>
    </p>
   </div>
   <div class='ocr_carea' id='block_1_9' title="bbox 0 0 1456 4904">
    <p class='ocr_par' dir='ltr' id='par_1_14' title="bbox 0 0 1456 4904">
     <span class='ocr_line' id='line_1_53' title="bbox 0 0 1456 4904; baseline 0 1"><span class='ocrx_word' id='word_1_463' title='bbox 0 0 1456 4904; x_wconf 95' lang='lat' dir='ltr'> </span> 
     </span>
    </p>
   </div>
  </div>
 </body>
</html>
