2904 4904
496 732 909 833 Praefatio.

58 1098 161 1200 Anno
181 1132 343 1216 superiore
365 1148 462 1215 quum
484 1131 632 1199 Manuale
659 1131 943 1213 pharmaceuticum
972 1131 1111 1213 ederem,
1143 1132 1276 1199 alteram
1299 1128 1367 1211 ejus

53 1261 152 1341 operis
174 1259 299 1339 partem
322 1270 395 1320 mox
416 1253 656 1324 subsecuturam
677 1256 856 1339 pollicebar,
878 1274 942 1337 qua
965 1256 1030 1321 alia
1061 1255 1140 1321 varii
1163 1256 1288 1338 generis
1311 1252 1366 1319 ad-

45 1379 190 1462 jumenta
205 1377 450 1444 continerentur.
494 1376 600 1442 Habes
619 1375 693 1459 jam,
708 1380 821 1444 Lector
836 1375 998 1458 benevole,
1023 1378 1107 1460 quod
1122 1382 1196 1443 tunc
1210 1375 1368 1458 pollicitus

48 1521 145 1582 erum,
169 1499 305 1567 alterum
327 1499 480 1579 volumen,
504 1499 586 1580 quod
603 1504 640 1565 ut
663 1501 782 1581 eadem,
806 1517 869 1582 qua
883 1499 978 1582 prius,
1002 1499 1197 1581 indulgentia
1212 1497 1362 1581 excipias,

50 1625 92 1691 ‘le
113 1623 215 1690 etiam
237 1624 333 1704 atque
353 1621 451 1687 etiam
471 1636 558 1701 rogo.

47 1859 51 1865 Ι
137 1779 177 1845 Ιιι
200 1774 333 1844 materia
362 1776 545 1860 explicanda
566 1775 601 1843 id
622 1793 746 1861 semper
767 1777 955 1862 spectabam,
977 1782 1013 1843 ut
1034 1795 1115 1861 qnae
1136 1782 1170 1843 et
1191 1777 1224 1841 in
1246 1775 1369 1841 labora·
1411 1848 1418 1863 Ι

50 1903 130 1970 torio
153 1901 242 1967 etin
264 1897 499 1965 medlcumentis
524 1897 742 1983 dispensandis
761 1900 962 1984 operantibus
992 1900 1063 1967 naui
1086 1905 1205 1978 esseut,
1236 1915 1275 1964 ea
1300 1895 1369 1962 dili-

46 2029 161 2109 genter
182 2022 394 2088 examinarem
418 2026 450 2087 et
465 2021 507 2089 ad
521 2022 624 2105 operis
649 2022 893 2105 pharmaceutici
909 2023 1081 2089 varietates
1097 2019 1367 2088 accommodarem.

136 2181 250 2262 Itaque
271 2196 367 2262 quum
390 2178 498 2247 tabula
515 2179 779 2262 aequivalentium
791 2181 883 2262 plena
898 2185 931 2246 et
947 2179 1105 2247 commoda
1120 2178 1222 2245 adhuc
1237 2176 1370 2250 deesset,

47 2323 121 2373 eum
144 2305 191 2370 sic
213 2301 391 2369 institutam
414 2301 578 2384 proposui,
601 2307 638 2368 ut
656 2304 775 2386 justam
798 2305 914 2385 ubique
936 2308 968 2368 et
991 2301 1199 2368 chemioorum
1223 2307 1255 2365 et
1275 2299 1369 2380 phar-

48 2425 294 2494 maceutioorum
335 2427 591 2506 praeparatorum
631 2429 727 2507 atque
766 2425 904 2508 analysis
944 2424 1171 2506 quantitativae
1212 2422 1368 2486 rationem

50 2549 211 2614 heberent
254 2545 343 2626 Quae
374 2543 482 2612 tabula
510 2563 573 2629 qno
601 2549 684 2612 esset
713 2546 828 2623 utilior,
862 2549 894 2611 iu
917 2546 1021 2629 rebus,
1047 2563 1125 2628 quas
1147 2542 1294 2624 continet,
1317 2560 1368 2607 ex·

58 2668 210 2753 plicandis
240 2668 418 2736 litterarum
451 2669 591 2737 ordinem
625 2674 657 2735 et
693 2670 805 2736 seriem
838 2673 962 2736 secutus
997 2688 1076 2736 sum.
1142 2668 1232 2752 Quod
1264 2665 1370 2734 autem

60 2790 208 2858 formulas
234 2808 273 2859 ac
304 2791 432 2859 nomina
461 2791 709 2860 substantiarum
740 2779 801 2858 uon
830 2793 870 2859 ad
901 2792 1072 2859 subtilioris
1108 2793 1185 2860 artis
1214 2789 1373 2858 chemicae

61 2914 214 2982 rationem
238 2913 443 2996 conformavi,
474 2914 508 2981 id
528 2920 693 2999 propterea
715 2914 831 2982 sactum
854 2921 919 2996 est,
950 2916 1025 2998 quia
1052 2916 1135 2982 vitae
1154 2915 1258 2998 potius
1280 2931 1371 2979 usum

59 3055 91 3104 nc
111 3034 375 3105 consuetudinem
396 3053 491 3118 quam
504 3036 662 3104 doctorum
677 3037 839 3104 homiuum
854 3038 1015 3105 commoda
1035 3038 1231 3121 respicienda
1251 3035 1369 3119 putari.

138 3193 288 3274 Tabulae,
311 3192 426 3276 quibus
440 3199 609 3278 procentus
624 3195 783 3261 variorum
793 3196 951 3278 liquorum
966 3194 1174 3275 continentur,
1199 3194 1368 3260 maximam

58 3322 177 3399 partem
211 3332 283 3382 mea
315 3334 410 3400 opera
446 3315 604 3384 confectae
638 3322 670 3382 et
703 3319 774 3384 usui
807 3317 1063 3400 pharmaceutico
1098 3317 1264 3400 adaptatae
1298 3319 1373 3380 suut

66 3440 146 3520 Quae
169 3439 209 3506 de
231 3444 385 3522 proventu
408 3443 616 3506 extracturum
641 3444 734 3520 atque
757 3441 893 3506 oleorum
924 3440 1154 3520 aethereorum,
1185 3457 1242 3505 uec
1268 3437 1372 3501 miuus

10 3626 15 3657 ἱ
66 3578 141 3643 quae
163 3560 203 3627 de
226 3559 418 3628 solubilitute
442 3562 602 3628 ramerum
624 3560 870 3629 substantiarum
891 3562 924 3628 in
947 3581 1042 3647 aqua,
1065 3563 1097 3627 in
1120 3562 1233 3644 spiritu
1256 3559 1321 3626 vini
1342 3562 1375 3626 et

65 3678 238 3750 inaethere
258 3682 418 3766 proposita
440 3688 527 3765 sunt,
559 3702 609 3764 ea,
637 3686 784 3766 ‹uroniam
807 3685 942 3752 difficilis
967 3686 1044 3753 haec
1074 3686 1216 3769 quaestio
1246 3683 1285 3750 ab
1315 3681 1372 3747 ho·

66 3803 192 3871 niuibus
214 3802 313 3871 doctis
335 3803 430 3872 adid
451 3810 575 3890 tempus
597 3825 707 3888 parum
725 3806 890 3889 diligenter
912 3814 1048 3876 tractata
1072 3812 1130 3890 eat,
1157 3808 1254 3876 lector
1277 3805 1371 3890 aequi

68 3925 206 3993 ansulat.

149 4086 336 4154 Recentiore
358 4092 498 4173 tempore
519 4093 556 4157 ut
577 4093 676 4158 multa
698 4093 770 4169 alia,
793 4091 838 4158 ita
860 4091 953 4158 etiam
976 4090 1035 4158 hoc
1058 4106 1170 4158 munus
1193 4089 1373 4172 pharmacia

73 4209 207 4292 impii
240 4215 277 4276 tlt
303 4230 453 4297 aquamm
484 4215 681 4282 mineralium
708 4220 776 4282 arte
805 4214 1016 4296 parandarum
1049 4216 1202 4281 rationem
1224 4212 1373 4294 exploret.

72 4323 128 4396 lon
145 4331 388 4415 igituralienum
400 4335 483 4420 duxi,
506 4338 1082 4424 apparatumsubstantiarum
1108 4339 1373 4408 chemicarum

71 4457 106 4525 td
125 4462 328 4540 parandus
349 4479 474 4545 aquas
496 4462 717 4531 minerales
739 4480 938 4546 componere,
962 4481 1022 4546 quo
1045 4466 1095 4534 via
1118 4470 1202 4532 certa
1223 4483 1260 4535 ac
1282 4463 1373 4532 firma

480 4685 706 4828 &tririiss
